@article{ZSJC202103016,
 author = {刘炜},
 title = {极值点偏移问题的解法探究},
 journal = {中学数学教学参考},
 volume = {},
 number = {03},
 pages = {41-43},
 year = {2021},
 issn = {1002-2171},
 doi ={}
 }
@article{FZSX202307015,
 author = {周文建，祖米热提·阿里木},
 title = {例谈拉格朗日乘数法在高中多元函数最值问题中的应用},
 journal = {福建中学数学},
 volume = {},
 number = {07},
 pages = {43-45},
 year = {2023},
 issn = {2096-6784},
 doi ={}
 }
