@book{CheneyApproximation,
  author = {E. W. Cheney},
  title = {Introduction to Approximation Theory},
  publisher = {AMS Chelsea Publishing},
  year = {1982},
  edition = {2nd},
  address = {New York},
  note = {Chapters on Chebyshev approximation and equioscillation}
}

@article{BoydADMM,
  author = {Stephen Boyd and Neal Parikh and Eric Chu and Borja Peleato and Jonathan Eckstein},
  title = {Distributed Optimization and Statistical Learning via the Alternating Direction Method of Multipliers},
  journal = {Foundations and Trends in Machine Learning},
  year = {2011},
  volume = {3},
  number = {1},
  pages = {1--122},
  publisher = {Now Publishers Inc.}
}

@article{BeckFISTA,
  author = {Amir Beck and Marc Teboulle},
  title = {A Fast Iterative Shrinkage-Thresholding Algorithm for Linear Inverse Problems},
  journal = {SIAM Journal on Imaging Sciences},
  volume = {2},
  number = {1},
  pages = {183--202},
  year = {2009}
}

@book{RivlinChebyshev,
  author = {Theodore J. Rivlin},
  title = {An Introduction to the Approximation of Functions},
  publisher = {Dover Publications},
  year = {2003},
  note = {Classic reference on Chebyshev and uniform approximation}
}

@misc{DLMF,
  author = {NIST Digital Library of Mathematical Functions},
  title = {Chapter 3: Approximations},
  howpublished = {\url{https://dlmf.nist.gov/3}},
  year = {2023},
  note = {Accessed 2025-05}
}
